@Article{renyi:divergence,
author = {R{\'e}nyi, Alfr{\'e}d},
title = {On measures of entropy and information},
journal = {Fourth Berkeley symposium on mathematical statistics and probability},
year = {1961},
volume = {1}
}

@article{van_erven:renyi,
  title={R{\'e}nyi divergence and {Kullback-Leibler} divergence},
  author={Van Erven, Tim and Harremo{\"e}s, Peter},
  journal={Information Theory, IEEE Transactions on},
  volume={60},
  number={7},
  pages={3797--3820},
  year={2014},
  publisher={IEEE}
}

@inproceedings{burda:iwae,
  title={Importance Weighted Autoencoders},
  author={Burda, Yuri and Grosse, Roger and Salakhutdinov, Ruslan},
  booktitle={ International Conference on Learning Representations (ICLR)},
  year={2016}
}

@inproceedings{kingma:vae,
  title={Auto-encoding variational {Bayes}},
  author={Kingma, Diederik P and Welling, Max},
  booktitle={ International Conference on Learning Representations (ICLR) },
  year={2014}
}

@inproceedings{rezende:vae,
  title={Stochastic backpropagation and approximate inference in deep generative models},
  author={Rezende, Danilo Jimenez and Mohamed, Shakir and Wierstra, Daan},
  booktitle={Proceedings of The 30th International Conference on Machine Learning (ICML)},
  year={2014}
}

@inproceedings{kucukelbir:vi_stan,
  title={Automatic variational inference in {Stan}},
  author={Kucukelbir, Alp and Ranganath, Rajesh and Gelman, Andrew and Blei, David M},
  booktitle={Advances in Neural Information Processing Systems (NIPS)},
  year={2015}
}


@inproceedings{hernandez-lobato:bb-alpha,
  title={Black-box $\alpha$-divergence Minimization},
  author={Hern{\'a}ndez-Lobato, Jos{\'e} Miguel and Li, Yingzhen and Rowland, Mark and Hern{\'a}ndez-Lobato, Daniel and Bui, Thang and Turner, Richard E},
  booktitle={ Proceedings of The 33rd International Conference on Machine Learning (ICML)},
  year={2016}
}

@PhdThesis{beal:thesis,
author = {Beal, Matthew James},
title = {Variational algorithms for approximate Bayesian inference},
school = { University College London},
year = {2003}
}

@article{jordan:vi,
  title={An introduction to variational methods for graphical models},
  author={Jordan, Michael I and Ghahramani, Zoubin and Jaakkola, Tommi S and Saul, Lawrence K},
  journal={Machine learning},
  volume={37},
  number={2},
  pages={183--233},
  year={1999},
  publisher={Springer}
}

@inproceedings{li:sep,
  title={Stochastic expectation propagation},
  author={Li, Yingzhen and Hern{\'a}ndez-Lobato, Jos{\'e} Miguel and Turner, Richard E},
  booktitle={Advances in Neural Information Processing Systems (NIPS)},
  year={2015}
}

@InProceedings{kingma:adam,
author = {Kingma, Diederick P and Ba, Jimmy},
title = {Adam: A method for stochastic optimization},
booktitle = { International Conference on Learning Representations (ICLR) },
year = {2015}
}

@inproceedings{minka:ep,
  author = {Minka, T.P.},
  booktitle = {Conference on Uncertainty in Artificial Intelligence (UAI)},
  title = {{Expectation propagation for approximate Bayesian inference}},
  year = 2001
}

@techreport{minka:powerep,
  author = {Minka, T.P.},
  institution = {Microsoft Research},
  number = {MSR-TR-2004-149},
  title = {{Power EP}},
  year = 2004
}

@techreport{minka:divergence,
  title={Divergence measures and message passing},
  author={Minka, Tom},
  year={2005},
  institution={Microsoft Research}
}

@article{barthelme:aep,
author = {Dehaene, Guillaume and Barthelm\'e, Simon},
title = {Expectation propagation in the large-data limit},
journal = {arXiv:1503.08060},
year = {2015},
}

@article{gelman:dep,
author = {Andrew Gelman and Aki Vehtari and Pasi Jyl√§nki and Christian Robert and Nicolas Chopin and John P. Cunningham},
title = {Expectation propagation as a way of life},
journal = {arXiv:1412.4869},
year = {2014},
}

@inproceedings{broderick:stream,
  author = {Broderick, Tamara and Boyd, Nicholas and Wibisono, Andre and Wilson, Ashia C. and Jordan, Michael I.},
  title = { Streaming variational {Bayes}},
  booktitle = {Advances in Neural Information Processing Systems (NIPS)},
  year = 2013
}

@inproceedings{xu:sms,
  author = {Minjie Xu and Balaji Lakshminarayanan and Yee Whye Teh and Jun Zhu and Bo Zhang},
  booktitle = {Advances in Neural Information Processing Systems (NIPS)},
  title = {Distributed {Bayesian} Posterior Sampling via Moment Sharing},
  year = 2014
}

@article{hoffman:svi,
  author = {Hoffman, Matthew D. and Blei, David M. and Wang, Chong and Paisley, John William},
  journal = {Journal of Machine Learning Research},
  number = 1,
  pages = {1303-1347},
  title = {Stochastic variational inference},
  volume = 14,
  year = 2013
}

@inproceedings{salimans:mcmcvi,
  title={Markov chain Monte Carlo and variational inference: Bridging the gap},
  author={Salimans, Tim and Kingma, Diederik P. and Welling, Max},
  booktitle = { Proceedings of The 32nd International Conference on Machine Learning (ICML) },
  year={2015}
}

@inproceedings{paisley:bbvi,
  title={Variational {Bayesian} inference with stochastic search},
  author={Paisley, John and Blei, David and Jordan, Michael},
  booktitle = { Proceedings of The 29th International Conference on Machine Learning (ICML) },
  year={2012}
}

@article{opper:ec,
  title={Expectation consistent approximate inference},
  author={Opper, Manfred and Winther, Ole},
  journal={The Journal of Machine Learning Research},
  volume={6},
  pages={2177--2204},
  year={2005}
}

@inproceedings{ranganath:bbvi,
  title={Black box variational inference},
  author={Ranganath, Rajesh and Gerrish, Sean and Blei, David M},
  booktitle = {Proceedings of the 17th International Conference on Artificial Intelligence and Statistics (AISTATS)},
  year={2014}
}

@BOOK{amari:divergence,
  title = {Differential-Geometrical Methods in Statistic},
  publisher = {Springer},
  year = {1985},
  author = {Amari, Shun-ichi},
  address = {New York}
}

@article{tsallis:divergence,
  title={Possible generalization of {Boltzmann-Gibbs} statistics},
  author={Tsallis, Constantino},
  journal={Journal of statistical physics},
  volume={52},
  number={1-2},
  pages={479--487},
  year={1988},
  publisher={Springer}
}

@book{grunwald:mdl,
  author = {Gr{\"u}nwald, P.D.},
  publisher = {MIT press, Cambridge, MA},
  title = {{Minimum Description Length Principle}},
  year = 2007
}

@InCollection{turner:two_problems,
  author = 	 {Richard E. Turner and Maneesh Sahani},
  title = 	 {Two problems with variational expectation
                  maximisation for time-series models},
  booktitle = 	 {Bayesian Time series models},
  pages = 	 {109--130},
  publisher = {Cambridge University Press},
  year = 	 2011,
  editor = 	 {D. Barber and T. Cemgil and S. Chiappa},
  chapter = 	 {5}
}

@article{salimans:reparam,
  title={Fixed-form variational posterior approximation through stochastic linear regression},
  author={Salimans, Tim and Knowles, David A},
  journal={Bayesian Analysis},
  volume={8},
  number={4},
  pages={837--882},
  year={2013},
  publisher={International Society for Bayesian Analysis}
}

@inproceedings{bui:dgp,
  title={Deep Gaussian Processes for Regression using Approximate Expectation Propagation},
  author={Bui, Thang D and Hern{\'a}ndez-Lobato, Daniel and Li, Yingzhen and Hern{\'a}ndez-Lobato, Jos{\'e} Miguel and Turner, Richard E},
  booktitle={Proceedings of The 33rd International Conference on Machine Learning (ICML)},
  year={2016}
}

@article{depeweg:bnn_rl,
  title={Learning and Policy Search in Stochastic Dynamical Systems with Bayesian Neural Networks},
  author={Depeweg, Stefan and Hern{\'a}ndez-Lobato, Jos{\'e} Miguel and Doshi-Velez, Finale and Udluft, Steffen},
  journal={arXiv preprint arXiv:1605.07127},
  year={2016}
}
